
@article{ctxfoundation,
 author = {Lindeque, Rehno},
 title = {A foundation for programming},
 year = {20??}
 }

@article{ctxrationalle,
 author = {Lindeque, Rehno},
 title = {Rationalle for the programming language, LangLang},
 year = {20??}
 }

